<?xml version="1.0" encoding="UTF-8"?><collection xmlns="http://www.loc.gov/MARC21/slim"><record><leader>00363nam--2200121-i-4500</leader><controlfield tag="001">000032827</controlfield><controlfield tag="002">20161230</controlfield><controlfield tag="005">20161230201039</controlfield><controlfield tag="008">060222s1000------------r-----000-0-eng-d</controlfield><datafield ind1=" " ind2=" " tag="245"><subfield code="a">Methodes micrographiques originales pour l`examen de differents metaux et alliages nucleaires</subfield></datafield><datafield ind1=" " ind2=" " tag="260"><subfield code="a">Paris. 12p. 1958</subfield></datafield><datafield ind1=" " ind2=" " tag="490"><subfield code="a">Extrait De Metaux Corrosion, Ind</subfield></datafield><datafield ind1=" " ind2=" " tag="852"><subfield code="a">16115</subfield></datafield></record></collection>